<?xml version="1.0" encoding="UTF-8"?><collection xmlns="http://www.loc.gov/MARC21/slim"><record><leader>00505nam--2200181-i-4500</leader><controlfield tag="001">000047881</controlfield><controlfield tag="002">20161230</controlfield><controlfield tag="005">20161230201046</controlfield><controlfield tag="008">060222s1000------------r-----000-0-eng-d</controlfield><datafield ind1=" " ind2=" " tag="040"><subfield code="a">IFIN-HH</subfield></datafield><datafield ind1=" " ind2=" " tag="080"><subfield code="a">539.12</subfield></datafield><datafield ind1="1" ind2=" " tag="100"><subfield code="a">Wolfendale,A.W</subfield></datafield><datafield ind1="1" ind2="0" tag="245"><subfield code="a">Cosmic rays</subfield><subfield code="b">With a foreword by professor g.d. rochester</subfield><subfield code="c">A.w. wofendale</subfield></datafield><datafield ind1=" " ind2=" " tag="260"><subfield code="a">London</subfield><subfield code="b">George Newnws Ltd</subfield><subfield code="c">1963</subfield></datafield><datafield ind1=" " ind2=" " tag="300"><subfield code="a">IX +222 P</subfield></datafield><datafield ind1=" " ind2=" " tag="490"><subfield code="a">Newnes Technical Survey Series</subfield></datafield><datafield ind1=" " ind2=" " tag="852"><subfield code="a">18656</subfield><subfield code="c">539.13</subfield></datafield><datafield ind1=" " ind2=" " tag="CAT"><subfield code="a">Sys</subfield><subfield code="c">20120223</subfield><subfield code="h">110437</subfield></datafield></record></collection>